@string{www = "World Wide Web"}

% \citelabel is presumed defined
% Do not put this in {} because de-activation then produces a blank note,
% which ends with a period.

%%%%%%%%%%%%%%%%%%%%%%%%%%%%%%%%%%%%%%%%%%%%%%%%%%%%%%%%%%%%%%%%%%%%%%%%%%%%%%
% Category: User Manuals

@techreport{WSTSandreport,
  author="K. Klise and J. Siirola and D. Hart and W. Hart and C. Phillips and T. Haxton and R. Murray and R. Janke and T. Taxon and C. Laird and A. Seth and G. Hackebeil and S. McGee and A. Mann",
  title="Water Security Toolkit User Manual Version 1.3",
  year=2015,
  institution="Sandia National Laboratories",
  number="SAND2015-9735"
}

@techreport{WSTEPAreport,
  author="U. S. EPA",
  title="Water Security Toolkit User Manual Version 1.2",
  year=2013,
  institution="U.S. Environmental Protection Agency",
}

@techreport{TEVASPOTusermanual,
  author="U. S. EPA",
  title="TEVA-SPOT Toolkit and user's manual",
  year=2011,
  institution="U.S. Environmental Protection Agency",
  note = "Available at \url{http://cfpub.epa.gov/si/si_public_file_download.cfm?p_download_id=514412}"
}

@techreport{CANARY,
  author="D. B. Hart and S. A. McKenna",
  title="CANARY User's Manual, Version 4.3.2",
  year=2012,
  institution="Washington, D,C.: U.S. Environmental Protection Agency",
  number="EPA/600/R/08/040B",
  note = "Available at \url{http://cfpub.epa.gov/si/si_public_file_download.cfm?p_download_id=513254}"
}

@techreport{ShaUbeRos11,
  author="F. Shang and  J. Uber and L. Rossman",
  title="EPANET Mutli-Species Extension User's Manual",
  year=2011, 
  institution="USEPA", 
  number="EPA/600/S-07/021", 
  note = "Available at \url{http://cfpub.epa.gov/si/si_public_file_download.cfm?p_download_id=500759}"
} 

@techreport{DakotaUserManual,
  author="Brian M. Adams and Mohamed S. Ebeida and Michael S. Eldred and John D. Jakeman and Laura P. Swiler and William J. Bohnhoff and Keith R. Dalbey and John P. Eddy and Kenneth T. Hu and Dena M. Vigil",
  title="Dakota, A Multilevel Parallel Object-Oriented Framework for Design Optimization, Parameter Estimation, Uncertainty Quantifcation, and Sensitivity Analysis",
  year=2013,
  institution="Sandia National Laboratories",
  number="SAND2010-2183",
  note = "Available at \url{http://dakota.sandia.gov/documentation.html}"
}

@techreport{ERDusermanual,
  author="Chris Geib and Tom Taxon and Sam Hatchett",
  title="EPANET Results Database (ERD), User's Guide, Version 1.00.00",
  year=2011
}

@techreport{EPANETusermanual,
  author="Lewis A. Rossman",
  title="EPANET 2 Users manual",
  year=2000,
  institution="Environmental Protection Agency",
  note = "Available at \url{http://nepis.epa.gov/Adobe/PDF/P1007WWU.pdf}"
}

%%%%%%%%%%%%%%%%%%%%%%%%%%%%%%%%%%%%%%%%%%%%%%%%%%%%%%%%%%%%%%%%%%%%%%%%%%%%%%
% Category: Contamination impact in water networks

@article{MorJanMurFox07,
  author="Kevin Morley and Robert Janke and Regan Murray and Kim Fox",
  title="Drinking Water Contamination Warning Systems: Water Utilities Driving Water Research",
  journal="J. AWWA",
  year=2007,
  pages="40-46"
}

@Article{MurUbeJan06,
  author = 	 "R. Murray and J. Uber and R. Janke",
  title = 	 "Model for Estimating Acute Health Impacts from Consumption of Contaminated Drinking Water",
  journal = 	 "J. Water Resources Planning and Management: Special Issue on Drinking Water Distribution Systems Security",
  year = 	 {2006},
  volume = 	 {132},
  number = 	 {4},
  pages = 	 {293--299}
}

@InProceedings{Wal04,
  author =  "T. Walski and J-L. Daviau and S. Coran",
  title =   "Effect of skeletonization on transient analysis results",
  booktitle = "In Proc. World Water and Environmental Congress",
  year =     "2004",
}

@manual{Bou05,
   author    = {P. Boulos},
   title     = {{H2OMAP} Skeletonizer Users' Guide},
   organization = {MHW Soft, Inc},
   year      = {2005},
   address   = {300 North Lake Ave, Suite 1200, Pasadena, CA},
   note = "First edition 1996"
}


%%%%%%%%%%%%%%%%%%%%%%%%%%%%%%%%%%%%%%%%%%%%%%%%%%%%%%%%%%%%%%%%%%%%%%%%%%%%%%
% Category: SP in water networks

@inproceedings{MurBerHar06,
  author="Murray, Regan and Berry, Jonathan and Hart, William E.",
  title="Sensor Network Design for Contamination Warning systems: Tools and Applications",
  booktitle = "In Proc. AWWA Water Security Congress",
  year=2006,
  funding={EPA},
  sand="2006-5666 C",
  wwwurl="2006/MurBerHar06-wsc.pdf.gz"
}

@inproceedings{WatHarMur06a,
  author="Jean-Paul Watson and William E. Hart and Regan Murray",
  title="Formulation and optimization of robust sensor placement problems for contaminant warning systems",
  booktitle = "In Proc. Water Distribution System Symposium",
  year=2006
}

@Article{WatMurHar09,
  author = 	 {Jean-Paul Watson and Regan Murray and William E. Hart},
  title = 	 "Formulation and Optimization of Robust Sensor Placement Problems for Drinking Water Contamination Warning Systems",
  journal = 	 {Jour. Infrastructure Systems},
  year = 	 {2009},
  volume = 	 {15},
  number = 	 {4},
  pages = 	 {330--339}
}

@inproceedings{BocHar07,
  author="Dominic Boccelli and William E. Hart",
  title="Optimal monitoring location selection for water quality issues",
  booktitle = "In Proc. Water Distribution System Symposium",
  year=2007
}

@inproceedings{WatGreHar04a,
  author="Watson, J.-P. and Greenberg, H. J. and Hart, W. E.",
  title="A multiple-objective analysis of sensor placement optimization in water networks",
  booktitle = "In Proc. World Water and Environment Resources Conference",
  year=2004
}

@Article{CarGreHarKonLauLinMorPhi06,
  author = 	 {R.D. Carr and H.J. Greenberg and W.E. Hart and G. Konjevod and E. Lauer and H. Lin and T. Morrison and C.A. Phillips},
  title = 	 "Robust Optimization of Contaminant Sensor Placement for Community Water Systems",
  journal = 	 {Mathematical Programming},
  year = 	 {2006},
  volume = 	 {107},
  number = 	 {1},
  pages = 	 {337--356}
}

@InProceedings{BerCarHarLeuPhiWat06,
  author = "J. Berry and R.D. Carr and W.E. Hart and V. Leung and C.A. Phillips and J.P. Watson",
  title = "On the Placement of Imperfect Sensors in Municipal Water Networks",
  booktitle = "In Proc. 8th Symposium on Water Distribution Systems Analysis",
  publisher="ASCE",
  year = {2006}
}

@Article{BerryCHLPW09,
  author =       "J. Berry and R. D. Carr and W. E. Hart and V. J. Leung and C. A. Phillips and J.-P. Watson",
  title =        "Designing contamination warning systems for municipal water networks using imperfect sensors",
  journal =      "Journal of Water Resources Planning and Management",
  year =         {2009},
  volume = 135,
  number=4,
  pages="253-263"
}

@Unpublished{BerPhi07,
  author =   {J. Berry and C. Phillips},
  title =    "Randomized rounding for sensor placement problems",
  year =     {2007},
  note =    "(in preparation)"
}

@article{Ost08,
  author="Avi Ostfeld and James G. Uber and Elad Salomons and Jonathan W. Berry and William E.  Hart and Cindy A. Phillips and Jean-Paul Watson and Gianluca Dorini and Philip Jonkergouw and Zoran Kapelan and Francesco di Pierro and Soon-Thiam Khu and Dragan Savic and Demetrios Eliades and Marios Polycarpou and Santosh R. Ghimire and Brian D. Barkdoll and Roberto Gueli and Jinhui J. Huang and Edward A. McBean and William James and Andreas Krause and Jure Leskovec and Shannon Isovitsch and Jianhua Xu and Carlos Guestrin and Jeanne VanBriesen and Mitchell Small and Paul Fischbeck and Ami Preis and Marco Propato and Olivier Piller and Gary B. Trachtman and Zheng Yi Wu  and Tom Walski",
  title="The Battle of the Water Sensor Networks {(BWSN)}: A Design Challenge for Engineers and Algorithms",
  year=2008,
  journal="J Water Resources Planning and Management",
  month="Nov/Dec",
  volume=134,
  number=6,
  pages="556-568"
}

@inproceedings{AlzAya06,
  author="Alzamora, F. M. and Ayala, H. B.",
  year=2006,
  title="Optimal sensor location for detecting contamination events in water distribution systems using topological algorithms",
  booktitle="In Proc. 8th Annual Water Distribution System Analysis Symposium"
}

@inproceedings{EliPol06,
  author="Eliades, D. and Polycarpou, M.",
  year=2006,
  title="Iterative deepening of Pareto solutions in water sensor Networks",
  booktitle="In Proc. 8th Annual Water Distribution System Analysis Symposium"
  }

@inproceedings{DorJonKapPieKhuSav06,
  author="Dorini, G. and Jonkergouw, P. and Kapelan, Z. and Pierro, F. di and Khu, S. T. and Savic, D.",
  year=2006,
  title="An efficient algorithm for sensor placement in water distribution systems",
  booktitle="In Proc. 8th Annual Water Distribution System Analysis Symposium"
  }

@inproceedings{WuWal06,
  author="Wu, Z. Y. and Walski, T.",
  year=2006,
  title="Multi objective optimization of sensor placement in water distribution systems",
  booktitle="In Proc. 8th Annual Water Distribution System Analysis Symposium"
  }

@inproceedings{Tra06,
  author="Trachtman, G. B.",
  year=2006,
  title="A ``strawman'' common sense approach for water quality sensor site selection",
  booktitle="In Proc. 8th Annual Water Distribution System Analysis Symposium"
  }

@inproceedings{HuaMcBJam06,
  author="Huang, J. J. and McBean, E. A. and James, W.",
  year=2006,
  title="Multi-objective optimization for monitoring sensor placement in water distribution systems",
  booktitle="In Proc. 8th Annual Water Distribution System Analysis Symposium"
  }

@inproceedings{Gue06,
  author="Gueli, R.",
  year=2006,
  title="Predator prey model for discrete sensor placement",
  booktitle="In Proc. 8th Annual Water Distribution System Analysis Symposium"
  }

@inproceedings{GuaAraMasGra06,
  author="Guan, J. and Aral, M. M. and Maslia, M. L. and Grayman, W. M.",
  year=2006,
  title="Optimization model and algorithms for design of water sensor placement in water distribution systems",
  booktitle="In Proc. 8th Annual Water Distribution System Analysis Symposium"
  }

@inproceedings{GhiBar06,
  author="Ghimire, S. R. and Barkdoll, B. D.",
  year=2006,
  title="A heuristic method for water quality sensor location in a municipal water distribution system: mass related based approach",
  booktitle="In Proc. 8th Annual Water Distribution System Analysis Symposium"
  }

@techreport{HarBerMurPhiRieWat07,
  author="William E. Hart and Jonathan Berry and Regan Murray and Cindy A. Phillips and Lee Ann Riesen and Jean-Paul Watson",
  title="{SPOT}: A sensor placement optimization toolkit for drinking water contaminant warning system design",
  year=2007,
  institution="Sandia National Laboratories",
  number="SAND2007-4393"
}

@inproceedings{BerCarHarPhi07,
  author="Jonathan Berry and Robert D. Carr and William E. Hart and Cindy A. Phillips",
  title="Scalable water sensor placement via aggregation",
  booktitle = "In Proc. Water Distribution System Symposium",
  publisher="ASCE",
  year=2007
}

@inproceedings{BahSamGraAmsPic03,
  author="R. Bahadur and W. B. Samuels and W. Grayman and D. Amstutz and J. Pickus",
  year=2003,
  title="PipelineNet: A model for monitoring introduced contaminants in a distribution system",
  booktitle="In Proc. World Water and Environmental Resources Congress",
  publisher="ASCE"
}

@InProceedings{BerFleHarPhi03,
  author =   "J. Berry and L. Fleischer and W. E. Hart and C. A. Phillips",
  title =    "Sensor Placement in Municipal Water Networks",
  booktitle = "In Proc. World Water and Environmental Resources Congress",
  editor = "P. Bizier and P. DeBarry",
  publisher = "American Society of Civil Engineers",
  address = "",
  year =     2003
}

@article{BerFleHarPhiWat05,
  author =   "J. Berry and L. Fleischer and W. E. Hart and C. A. Phillips and J.-P. Watson",
  title =    "Sensor Placement in Municipal Water Networks",
  journal = "J. Water Resources Planning and Management",
  volume=131,
  number=3,
  year=2005,
  pages="237-243"
}

@InProceedings{ProPilUbe05,
  author =   "M. Propato and O. Piller and J. Uber",
  title =    "A Sensor Location Model to Detect Contaminations in Water Distribution Networks",
  booktitle = "In Proc. World Water and Environmental Resources Congress",
  publisher = "American Society of Civil Engineers",
  address = "",
  year =     2005
}

@InProceedings{BerHarPhi05,
  author =   "J. W. Berry and W. E. Hart and C. A. Phillips",
  title =    "Scalability of integer programming computations for sensor placement in municipal water networks",
  booktitle = "In Proc. World Water and Environmental Resources Congress",
  publisher = "ASCE",
  year =     2005
}

@inproceedings{BerHarPhiUbe04,
  author="Berry, J. and Hart, W. E. and Phillips, C. A. and Uber
, J.",
  title="A general integer-programming-based framework for sensor placement in municipal water networks",
  booktitle = "In Proc. World Water and Environment Resources Conference",
  year=2004
}

@inproceedings{BerHarPhiWat05,
  author="Berry, J. and Hart, W. E. and Phillips, C. A. and Watson, J.-P.",
  title="Validation and assessment of integer programming placement models",
  booktitle = "In Proc. World Water and Environment Resources Conference",
  year=2005
}

@inproceedings{BerHarPhiUbeWal05,
  author="Berry, J. and Hart, W. E. and Phillips, C. A. and Uber
, J.G. and Walski, T.M.",
  title="Water quality sensor placement in water networks with budget constraints",
  booktitle = "In Proc. World Water and Environment Resources Conference",
  year=2005
}

@InProceedings{CarGreHarPhi04,
  author = "R. Carr and H. J. Greenberg and W. E. Hart and C. A. Phillips",
  title  = "Addressing Modeling Uncertainties in Sensor Placement for Community
            Water Systems",
  booktitle = "In Proc. World Water and Environment Resources Conference",
  year   = "2004"
}

@Article{BerHarPhiUbeWat06,
  title="Sensor placement in municipal water networks with temporal integer programming models",
  author="Jonathan Berry and William E. Hart and Cynthia E. Phillips and James G. Uber and Jean-Paul Watson",
  journal="J. Water Resources Planning and Management",
  volume=132,
  number=4,
  pages="218-224",
  year=2006
}

@inproceedings{WatHarBer05a,
  author="Watson, J.-P. and Hart, W. E. and Berry, J.G.",
  title="Scalable high-performance heuristics for sensor placement in water distribution networks",
  booktitle = "In Proc. World Water and Environment Resources Conference",
  year=2005
}

@article{OstSal04,
  author="Ostfeld, A. and Salomons, E.",
  title="Optimal Layout of Early Warning Detection Stations for Water Distribution Systems Security",
  journal="J. Water Resources Planning and Management",
  year=2004,
  volume=130,
  number=5,
  pages="377-385"
}

@article{OstSal05,
  author="A. Ostfeld and E. Salomons",
  year=2005,
  title="Optimal Early Warning Monitoring System Layout for Water Networks Security: Inclusion of Sensors Sensitivities and Response Delays",
  journal="Civil Engineering and Environmental Systems",
  volume=22,
  number=3,
  pages="151-169"
}

@article{OstSal05b,
  author="A. Ostfeld and E. Salomons",
  year=2005,
  title="Securing Water Distribution Systems Using Online Contamination Monitoring",
  journal="J. Water Resources Planning and Management",
  volume=131,
  number=5,
  pages="402-405"
}

@inproceedings{OstKes01,
  author =   "A. Ostfeld and A. Kessler",
  title  =    "Protecting urban water distribution systems against accidental hazards intrusions",
  booktitle = "In Proc. {IWA} Second Conference",
  publisher = "IWA",
  note="CD-ROM",
  year=2001
}

@inproceedings{PerOst06,
  author="L. Perelman and A. Ostfeld",
  title="Aggregation of Water Distribution Systems for Contamination Detection",
  booktitle="In Proc. 8th Annual International Symposium on Water Distribution Systems Analysis",
  address="Cincinnati, Ohio, USA",
  year=2006
}

@inproceedings{PreOst06a,
  author="A. Preis and A. Ostfeld",
  title="Multiobjective Sensor Design for Water Distribution Systems Security",
  booktitle="In Proc. 8th Annual International Symposium on Water Distribution Systems Analysis",
  address="Cincinnati, Ohio, USA",
  year=2006
}

@inproceedings{PreOst06b,
  author="A. Preis and A. Ostfeld",
  title="Optimal Sensors Layout for Contamination Source Identification in Water Distribution Systems",
  booktitle="In Proc. 8th Annual International Symposium on Water Distribution Systems Analysis",
  address="Cincinnati, Ohio, USA",
  year=2006
}

@Article{Kessleretal98,
  author =   "A. Kessler and A. Ostfeld and G. Sinai",
  title =    "Detecting Accidental Contaminations in Municipal Water Networks",
  journal =  "J. Water Resources Planning and Management",
  year =     "1998",
  volume =   "124",
  number =   "4",
  pages =    "192--198"
}

@article{KumKanAro97,
  author="A. Kumar and M. L. Kansal and G. and Arora",
  year=1997,
  title="Identification of monitoring stations in water distribution system",
  journal="J. Environ. Eng.",
  volume=123,
  number=8,
  pages="746-752"
}

@Article{Kumaretal99,
  author =   "A. Kumar and M. L. Kansal and G. Arora",
  title =    "Discussion of `Detecting Accidental Contaminations in Municipal
                Water Networks'",
  journal =  "J. Water Resources Planning and Management",
  year =     "1999",
  volume =   "125",
  number =   "4",
  pages =    "308--310",
  comment = "(original bib entry had 1998, but it's 1999)"
}

@inproceedings{KraLesIsoXuGueVanSmaFis06,
  author="A. Krause and J. Leskovec and S. Isovitsch and J. Xu and C. Guestrin and J. VanBriesen and M. Small and P. Fischbeck",
  title="Optimizing sensor placements in water distribution systems using submodular function maximization",
  booktitle="In Proc. 8th Annual Water Distribution System Analysis Symposium",
  year=2006,
  location="Cincinnati, OH"
  }

@inproceedings{LesKraGueFalvBrGla07,
  author="J. Leskovec and A. Krause and C. Guestrin and C. Faloutsos and J. VanBriesen and N. Glance",
  title="Cost-effective Outbreak Detection in Networks",
  booktitle="In Proc. ACM SIGKDD International Conference on Knowledge Discovery and Data Mining",
  year=2007
  }
  
@inproceedings{OstUbeSal05,
  author="A. Ostfeld and J. Uber and E. Salomons",
  title="Battle of the water sensor networks {(BWSN)}: a design challenge for engineers and algorithms.",
  booktitle="In Proc. 8th Annual Water Distribution System Analysis",
  year=2005
  }
  
@phdthesis{Chastain04,
  author="Chastain, Jr., James R.",
  title="A Heuristic Methodology for Locating Monitoring Stations to Detect Contamination Events in Potable Water Distribution Systems",
  school="University of South Florida",
  year=2004
  }
  
@mastersthesis{Kizilenis06,
  author="{G\"{u}ler} Kizilenis",
  title="Optimal sensor locations in water distribution networks",
  school="Sabanci University",
  year=2006
  }
  
@inproceedings{UbeJanMurMey04,
  author="J. Uber and R. Janke and R. Murray and P. Meyer",
  year=2004,
  title="Greedy heuristic methods for locating water quality sensors",
  booktitle="In Proc. World Water and Environmental Resources Conference",
  location="Salt Lake City"
  }
  
@article{Pro06,
  title="Contamination Warning in Water Networks: General Mixed-Integer Linear Models for Sensor Location Design",
  journal="J. Water Resour. Plng. and Mgmt.",
  Volume=132,
  number=4,
  pages="225-233",
  year=2006,
  author="Marco Propato"
  }
  
@article{ShaDiw06,
  title="Sensor Placement in Water Networks: A Stochastic Programming Approach",
  journal="J. Water Resour. Plng. and Mgmt.",
  Volume=132,
  number=3,
  pages="192-203",
  year=2006,
  author="Y. Shastri and U. Diwekar"
  }
  
@inproceedings{OstSal03,
  author="A. Ostfeld and E. Salomons",
  year=2003,
  title="An early warning detection system (EWDS) for drinking water distribution systems security",
  booktitle="In Proc. World Water and Environmental Resources Congress"
  }

@techreport{TEVASPOTCompendium10,
  author="Regan Murray and Terra Haxton and Robert Janke and William E. Hart and Jonathan Berry and Cynthia Phillips",
  title="Sensor Network Design for Drinking Water Contamination Warning Systems: A Compendium of Research Results and Case Studies Using the TEVA-SPOT Software",
  year=2010,
  institution="Cincinnati, OH Office of Research and Development, National Homeland Security Research Center, Water Infrastructure Protection",
  number="EPA/600/R-09/141",
  note = "Available at \url{http://cfpub.epa.gov/si/si_public_file_download.cfm?p_download_id=498251}"
}

%%%%%%%%%%%%%%%%%%%%%%%%%%%%%%%%%%%%%%%%%%%%%%%%%%%%%%%%%%%%%%%%%%%%%%%%%%%%%%
% Category: Software

@Book{AMPL,
  author =   "R. Fourer and D. M. Gay and B. W. Kernighan",
  title =    "{AMPL}: A Modeling Language for Mathematical Programming",
  publisher ="Brooks/Cole",
  address  = "Pacific Grove, CA",
  year =     "2002",
  edition =  "2nd"
}

@Book{PYOMO,
  author =   "W. E. Hart and C. Laird and J.P. Watson and D.L. Woodruff",
  title =    "Pyomo - Optimization Modeling in Python",
  publisher ="Springer",
  address  = {},
  year = "2012",
  edition = "1st"
}

@article{LINK,
   Author = "J. Berry and N. Dean and M. Goldberg and G. Shannon and S. Skiena",
   Title = "Graph Computation with {LINK}" ,
   journal = "Software Practice and Experience",
   volume = "30" ,
   pages = "1285--1302",
   year = 2000
}

@misc{COIN,
  key = "COIN",
  title="{Computational {IN}frastructure for Operations Research} home page",
  note="\url{http://www.coin-or.org/}",
  }

@Misc{COINLP,
  author = "J. Forrest",
  note = "{COIN LP}, available through the {Common Optimization Interface for
      Operations Research}, \url{http://www.coin-or.org}"
}

@InProceedings{EPANET,
  author =  "L. A. Rossman",
  title =   "The {EPANET} Programmer's Toolkit for Analysis of Water
            Distribution Systems",
  booktitle = "Proceedings of the Annual Water Resources Planning and Management
            Conference",
  year =     "1999",
  note = "Available at \url{http://www.epa.gov/nrmrl/wswrd/dw/epanet.html}"
}

@InCollection{PICO,
  author = "J. Eckstein and  W. E. Hart and C. A. Phillips",
  title =  "{PICO}: An object-oriented framework for parallel branch and bound",
  booktitle = "Inherently Parallel Algorithms in Feasibility and Optimization
              and Their Applications",
  editor = "D. Butnariu and Y. Censor and S. Reich",
  publisher = "Elsevier Science Publishers",
  address = "Amsterdam, The Netherlands",
  year = "2001",
  pages = "219--265"
}

@Misc{SOPLEX,
  author = "R. Wunderling",
  howpublished = "\url{http://www.zib.de/Optimization/Software/Soplex/soplex.php}
  \citelabel{SOPLEX}"
}


%%%%%%%%%%%%%%%%%%%%%%%%%%%%%%%%%%%%%%%%%%%%%%%%%%%%%%%%%%%%%%%%%%%%%%%%%%%%%%
% Category: Backbone & consensus

@article{Glover77,
    author = "F. Glover",
    title = "Heuristics for Integer Programming Using Surrogate Constraints",
    journal = "Decision Sciences",
    volume = "8",
    number = "1",
    pages = "156--166",
    year = "1977"
}

@InProceedings{DuboisDequen01,
  author = "O. Dubois and G. Dequen",
  title =  "A backbone-search heuristic for efficient solving of hard
        3-SAT formulae",
  pages = "248--253",
  booktitle = "Proceedings of the International Joint Conference on Artificial
        Intelligence (IJCAI)",
  editor = "P. Nebel",
  publisher = "Morgan Kaufmann",
  address = "",
  year =     2001
}

@InProceedings{SlaneyWalsh01,
  author = "J. Slaney and T. Walsh",
  title =  "Backbones in Optimization and Approximation",
  pages = "254--259",
  booktitle = "Proceedings of the International Joint Conference on Artificial
        Intelligence (IJCAI)",
  editor = "P. Nebel",
  publisher = "Morgan Kaufmann",
  address = "",
  year =     2001
}


%%%%%%%%%%%%%%%%%%%%%%%%%%%%%%%%%%%%%%%%%%%%%%%%%%%%%%%%%%%%%%%%%%%%%%%%%%%%%%
% Category: General

@book{Christofides75,
  author = "N. Christofides",
  title = "Graph Theory: An Algorithmic Approach",
  publisher = "Academic Press",
  address = "San Diego, CA",
  year = 1975
}

@article{CookRohe99,
    author = "W. Cook and A. Rohe",
    title = "Computing minimum-weight perfect matchings",
    journal = "{INFORMS} J. on Computing",
    volume = "11",
    pages = "138--148",
    year = "1999",
    note = "Available at \url{citeseer.nj.nec.com/cook98computing.html}"
}

@Book{Greenberg:Glossary,
  author = "H.J. Greenberg",
  title = "Mathematical Programming Glossary",
  publisher = www,
  address = "\url{http://www.cudenver.edu/~hgreenbe/glossary/}",
  year = "1996--2004"
}

@book{McCormick83,
  author = "G.P. McCormick",
  title = "Nonlinear Programming: Theory, Algorithms, and Applications",
  publisher = "John Wiley \& Sons",
  address = "New York, NY",
  year = "1983"
}

@BOOK{NemhauserWolsey88,
  AUTHOR =       "G. L. Nemhauser and L. A. Wolsey",
  TITLE =        "Integer and Combinatorial Optimization",
  PUBLISHER =    "John Wiley \& Sons",
  YEAR =         "1988",
  address =      "New York, NY"
}

@article{RyooSahinidis95,
  author = "H. S. Ryoo and N. V. Sahinidis",
  title = "Global Optimization of Nonconvex {NLP}s and {MINLP}s with
       Applications in Process Design",
  journal = "Computers Chemical Engineering",
  volume = 19,
  number = 5,
  year = 1995
}

@TechReport{Malivert98,
  author      = "C. Malivert",
  title       = "An algorithm for bilinear fractional problems",
  institution = "Universit\'{e} de Limoges",
  address     = "Cedex, France",
  number      = "1998-03",
  year        = 1998
}

@article{ObeDelRutDieAlv02,
  author      = "Oberkampf, William L. and DeLand, Sharon M. and Rutherford, Brian M. and Diegert, Kathleen V. and Alvin, Kenneth F.",
  title       = "Error and uncertainty in modeling and simulation",
  journal="Reliability Engineering and System Safety",
  volume=75,
  year=2002,
  pages="333-357"
  }

@article{FerJosHelObeSen04,
  author = "Ferson, Scott and Joslyn, Cliff A. and Helton, Jon C. and Oberkampf, William L. and Sentz, Kari",
  title = "Challenge problems: Uncertainty in system response given uncertain parameters",
  journal="Reliability Engineering and System Safety",
  volume=85,
  year=2004,
  pages="11-19"
  }

@article{HofMan94,
  author="Hoffman, F. O. and Hammonds, J. S.",
  title="Propagation of uncertainty in risk assessments: The need to
    distinguish between uncertainty due to lack of knowledge and uncertainty
    due to variability",
  journal="Risk Analysis",
  year=1994,
  volume=14,
  number=5,
  pages="707-712"
  }

@article{Row94,
  author="Rowe, W. D.",
  title="Understanding uncertainty",
  journal="Risk Analysis",
  year=1994,
  volume=14,
  number=5,
  pages="743-750"
  }

@article{BerSim03,
  author="Bertsimas, D. and Sim, M.",
  title="Robust discrete optimization and network flows",
  journal="Mathematical Programming Series B",
  volume=98,
  pages="49-71",
  year=2003
  }

@article{BerSim04,
  author="Bertsimas, D. and Sim, M.",
  title="The price of robustness",
  journal="Operations Research",
  volume=52,
  pages="35-53",
  year=2004
  }

@techreport{YamKarPin04,
  author="Yaman, H. and Karasan, O. E. and Pinar, M. C.",
  title="Restricted robust optimization for maximization over uniform matroid with interval data uncertainty",
  year=2004,
  institution="Bilkent University Technical Report"
  }

@article{GraOstSal06,
  author="W. Grayman and A. Ostfeld and Salomons E.",
  year=2006,
  title="Locating Monitors in Water Distribution Systems: Red Team-Blue Team Exercise",
  journal="J. Water Resources Planning and Management",
  volume=132,
  number=4,
  pages="300-304"
}

@article{LeeDeiningerCla91,
  author="Lee, B. H. and Deininger, R. A. and Clark, R. M.",
  year=1991,
  title="Locating Monitoring Stations in Water Distribution Systems",
  journal="J. AWWA",
  pages="60-66"
}

@article{LeeDeininger92,
  author = "B. H. Lee and R. A. Deininger",
  title = "Optimal Locations of Monitoring Stations in Water Distribution System",
  journal = "J. of Environmental Engineering",
  pages = "4--16",
  volume = "118",
  number = "1",
  year = 1992
}

@article{Deininger87,
  author="Deininger, R. A.",
  title="The Survival of Father Rhine",
  journal="J. AWWA",
  volume=70,
  number=7,
  pages="78-84",
  year=1987
  }

@book{ISLI99,
  editor="Brosnan, T. B.",
  year=1999,
  title="Early Warning Monitoring to Detect Hazardous Events in Water Supplies",
  publisher="International Life Sciences Institute Risk Science Institute.  ILSI PRESS",
  address="Washington, DC"
  }
@article{ bdgss2000
  , Author = "J.~Berry and N.~Dean and M.~Goldberg and G.~Shannon and S.~Skiena"

  , Title = "Graph Computation with {LINK}"
  , journal = "Software Practice and Experience"
  , volume = "30"
  , pages = "1285-1302"
  , year = 2000
}

@book{GarJoh79,
author={M.S. Garey and D.S. Johnson},
title="Computers And Intractability: A Guide To The Theory Of {NP}-Completeness",
publisher={W.H. Freeman and Company, New York},
year={1979}
}

@article{Johnson85,
author = "D. Johnson",
title = "The {NP}-completeness column:  an ongoing guide (16th)",
journal = "J. of Algorithms",
volume = "6",
number = "3",
pages = "434--451",
year = "1985"
}

@article{SchKreIrm94,
  author="Schmitz, P. and Krebs, F. and Irmer, U.",
  title="Development, Testing and Implementation of Automated Biotests for the Monitoring of the {R}iver {R}hine, Demonstrated by Bacteria and Algae Tests",
  journal="Water Science and Technology",
  volume=29,
  pages="215-221",
  year=1994
  }
@inproceedings{Sto94,
  author="Stoks, P. G.",
  title="Water Quality Control in the Production of Drinking Water from River Water",
  editor="Adriaanse, M. and {van der Kraats}, J. and Stoks, P.G. and Ward, R.C.",
  booktitle="Proceedings: Monitoring Tailor-made",
  note="(ISBN 9036945429)",
  address="RIZA, Lelystad, The Netherlands",
  year=1994
  }
@article{DraUptPur98,
  author="Drage, B. E. and Upton, J. E. and Purvis, M.",
  title="On-line Monitoring of Micropollutants in the {R}iver {T}rent {(UK)} with Respect to Drinking Water Abstraction",
  journal="Water Science and Technology",
  volume=38,
  number=11,
  pages="123-130",
  year=1998
  }

@Article{walskietal87,
  author =   "Walski, T.M. and Brill, E.D. and Gessler, J. and Goulter, I.C. and Jeppson, R.M. and Lansey, K. and Han-Lin, Lee and Liebman, J.C. and Mays, L. and Morgan, D.R. and Ormsbee, L.",
  title =    {Battle of the Network Models: Epilogue},
  journal =      {J. Water Resources Planning and Management},
  year =     {1987},
  volume =   {113},
  number =   {2},
  pages =    {191--203}
}

@Book{MPGlossary,
author = "H.J. Greenberg",
title = "Mathematical Programming Glossary",
publisher = "World Wide Web",
address = "\url{http://www.cudenver.edu/~hgreenbe/glossary/}",
year = "1996--2006"
}


@article{Coo04,
  author="Cooper, J.",
  year=2004,
  title="Soft {M}arkov chain relations for modeling organizational behavior",
  journal="Risk Decision and Policy",
  volume=9,
  pages="1-12"
}
@book{Gar01,
  author="Garcia, M.L.",
  year=2001,
  title="The Design and Evaluation of Physical Protection Systems",
  publisher="Butterworth-Heinmann Publishers",
  address="Boston"
}
@book{Rea97,
  author="Reason, J.",
  year=1997,
  title="Managing the Risks of Organizational Accidents",
  publisher="Ashgate",
  address="New York"
}
@article{BucWel96,
  author="Buchberger, S.G. and Wells, G.J.",
  year=1996,
  title="Intensity, duration and frequency of residential water demands",
  journal="J. Water Resources Planning and Management",
  volume=122,
  number=1,
  pages="11-19"
}
@article{BucWu95,
  author="Buchberger, S.G. and Wu, L.",
  year=1995,
  title="A model for instantaneous residential water demands",
  journal="J. of Hydraulic Engineering",
  volume=121,
  number=3,
  pages="232-246"
}
@misc{SriMadMcK95,
  author="Srinivasan, S. and Madueke, N.O. and McKenna, S.A.",
  title="Literature review of approaches for determining variability in background water quality parameters and change detection",
  year=2005,
  month="May",
  note="(unpublished)"
}


@article{RocUry02,
  author="Rockafellar, R.T. and Uryasev, S.",
  title="Conditional value-at-risk for general loss distributions",
  journal="J. of Banking and Finance",
  volume=26,
  number=7,
  pages="1443-1471",
  year=2002
}

@article{TopVlaZen02,
  author="Topaloglou, N. and Vladimirou, H. and Zenios, S.A.",
  title="{CVaR} models with selective hedging for international asset allocation",
  journal="J. of Banking and Finance",
  number=26,
  pages="1535-1561",
  year=2002
}
@article{bs2002,
     author = "A. Buja and D.F. Swayne",
     title  = "Visualization Methodology for Multidimensional Scaling",
     journal = "J. of Classification",
     volume = 19,
     pages = "7-43",
     year = "2002"}

@article{bdgs2000,
     author = "J.~Berry and Nathaniel Dean and Mark~K. Goldberg and
                Gregory~E. Shannon and Steven Skiena",
     title  = "{LINK}: a system for graph computation",
     journal = "Software -- Practice and Experience",
     volume = 30,
     number = 11,
     pages = "1285--1302",
     year = "2000"}

@article{AsbHai84,
	author="Asbeck, E. and Haimes, Y.Y.",
	year=1984,
	title="The partitioned multiobjective risk method",
    journal="Large Scale Sys.",
	volume=6,
	number=1,
	pages="13-38"
}

@techreport{AWWA02,
	author="AWWA and SNL",
	year=2002,
	title="Risk Assessment Methodology for Water Utilities {(RAM-WTM)}",
	institution="{AWWA} Research Foundation and Sandia National Laboratories",
	address="Denver, Colorado"
}

@article{Coo04,
	author="Cooper, J.",
    year="2004",
	title="Soft {M}arkov chain relations for modeling organizational behavior",
	journal="Risk Decision and Policy",
	volume=9,
	pages="1-12"
}	

@article{DanFin04,
	author="Danneels, J.J. and Finley, R.E.",
	year=2004,
	title="Assessing the vulnerabilities of {U.S.} drinking water systems",
    journal="J. of Contemporary Water Research and Education",
	volume=129,
	pages="8-12"
}

@article{EzeFarWie00a,
	author="Ezell, B.C. and Farr, J.V. and Wiese, I.",
	year=2000,
	title="Infrastructure risk analysis model",
	journal="J. Infrastruct. Syst.",
	volume=6,
	number=3,
	pages="114-117"
}

@article{EzeFarWie00b,
	author="Ezell, B.C. and Farr, J.V. and Wiese, I.",
    year=2000,
	title="Infrastructure risk analysis of municipal water distribution systems",
	journal="J. Infrastruct. Syst.",
	volume=6,
	number=3,
	pages="118-122"
}

@book{Gar01,
	author="Garcia, M.L.",
    year=2001,
	title="The Design and Evaluation of Physical Protection Systems",
	publisher="Butterworth-Heinmann Publishers",
	address="Boston"
}

@article{Gri03,
	author="Grigg, N.S.",
	year=2003,
	title="Water utility security: Multiple hazards and multiple barriers",
    journal="J. Infrastruct. Syst.",
	volume=9,
	number=2,
	pages="81-88"
}

@article{Hai81,
	author="Haimes, Y.Y.",
	year=1981,
	title="Hierarchical holographic modeling",
	journal="IEEE Trans. On Sys., Man and Cybernetics",
	volume=11,
	number=9,
	pages="606-617"
}

@article{HaiMatLamJacFel98,
	author="Haimes, Y.Y. and Matalas, N.C. and Lambert, J.H. and Jackson, B.A and Fellows, J.F.R.",
	year=1998,
	title="Reducing vulnerability of water supply systems to attack",
    journal="J. Infrastruct. Syst.",
	volume=4,
	number=4,
	pages="164-177"
}

@techreport{ISO01,
	institution="International Organization of Standards (ISO)",
	year=2001,
	title="Draft ISO Guide 73, Technical Management Board Working Group on Risk Management Terminology",
	address="Geneva"
}

@inbook{Kil96,
	author="Killuru, R.V.",
	year=1996,
	title="Risk assessment for management, a unified approach",
	booktitle="Risk management handbook for environmental, health, and safety professional",
	publisher="McGraw-Hill",
	address="New York"
}

@book{Lev97,
	author="Levitt, A.M.",
	year=1997,
	title="Disaster planning and recovery: a guide for facility professionals",
	publisher="Wiley",
	address="New York"
}

@book{Rea97,
	author="Reason, J.",
	year=1997,
	title="Managing the Risks of Organizational Accidents",
	publisher="Ashgate",
	address="New York"
}

@Article{resendewerneck04,
  author = 	 {M.G.C. Resende and R.F. Werneck},
  title = 	 {A Hybrid Heuristic for the p-Median Problem},
  journal = 	 {J. of Heuristics},
  year = 	 {2004},
  volume = 	 {10},
  number = 	 {1},
  pages = 	 {59--88}
}


@article{Sch02,
	author="Scharfenaker, M.A.",
	year=2002,
	title="Water suppliers, {USEPA}, Congress addressing terrorism threat",
       	journal="J. AWWA",
	month="July",
	pages="16-27"
}


%%%%%%%%%%%%%%%%%%%%%%%%%%%%%%%%%%%%%%%%%%%%%%%%%%%%%%%%%%%%%%%%%%%%%%%%%%%%%%
% Category: SP other

@article{BerHarSai05,
  author="Berger-Wolf, Tanya Y. and Hart, William E. and Saia, Jared",
  title="Discrete sensor placement problems in distributed networks",
  journal="Mathematical and Computer Modeling",
  volume=42,
  number=13,
  pages="1385-1396",
  year=2005
}

%%%%%%%%%%%%%%%%%%%%%%%%%%%%%%%%%%%%%%%%%%%%%%%%%%%%%%%%%%%%%%%%%%%%%%%%%%%%%%
% Category: Facility Location (p-median)

@Book{MirFra90,
  editor =   {P.S. Mirchandani and R.L. Francis},
  title =    {Discrete Location Theory},
  publisher =    {John Wiley and Sons},
  address="Toronto, Canada",
  year =     "1990",
  edition = {}
}

@article{Chu03,
  author = {R. Church},
  title = "{COBRA}: A new formulation of the classic p-median location problem",
  journal = "Annals of Operations Research",
  volume = 122,
  year = 2003,
  pages = "103-120"
}

@Article{AvellaSV03,
  author =   {P. Avella and A. Sassano and I. Vasil'ev},
  title =    "Computational study of large-scale p-median problems",
  journal =  "Mathematical Programming",
  year =     {2007},
  volume =   {109},
  number =   {1},
  pages =    {89--114},
  month =    {January}
}

@Article{BarahonaA00,
  author =   {F. Barahona and R. Anbil},
  title =    "The volume algorithm: producing primal solutions with a subgradient method",
  journal =  {Mathematical Programming},
  year =     {2000},
  volume =   {87},
  number =   {3},
  pages =    {385--399},
  month =    {May}
}

@Article{BarahonaC05,
  author =   {F. Barahona and F. Chudak},
  title =    "Near-optimal solutions to large-scale facility location problems",
  journal =  "Discrete Optimization",
  year =     {2005},
  volume =   {2},
  pages =    {35--50}
}

@Book{Das95,
  author = 	 "M.S. Daskin",
  title = 	 "Network and Discrete Location: Models, Algorithms, and Applications",
  publisher = 	 "John Wiley \& Sons, New York, NY",
  year = 	 {1995}
}

@Article{ReVSwa70,
  author =   {C. ReVelle and R. Swain},
  title =    "Central Facilities Location",
  journal =  "Geographical Analysis",
  year =     {1970},
  volume =   {2},
  pages =    {30--42}
}

@Article{CraGenHanMla04,
  author = "T.G. Crainic and M. Gendreau and P. Hansen and N. Mladenovic",
  title = "Cooperative Parallel Variable Neighborhood Search for the \emph{p}-Median",
  journal = 	 {J. Heuristics},
  year = 	 {2004},
  volume = 	 {10},
  pages = 	 {293--314}
}



%%%%%%%%%%%%%%%%%%%%%%%%%%%%%%%%%%%%%%%%%%%%%%%%%%%%%%%%%%%%%%%%%%%%%%%%%%%%%%
% Category: Detection

@Article{mckennaetal06,
  author = 	 {S.A. McKenna and D.B. Hart and L. Yarrington},
  title = 	 {Impact of Sensor Detection Limits on Protecting Water Distribution Systems From Contamination Events},
  journal = 	 {J. Water Resources Planning and Management: Special Issue on Drinking Water Distribution Systems Security (To Appear)},
  year = 	 {2006}
}

@Article{ResWer04,
  author = 	 {M.G.C. Resende and R.F. Werneck},
  title = 	 "A Hybrid Heuristic for the \emph{p}-Median Problem",
  journal = 	 {J. of Heuristics},
  year = 	 {2004},
  volume = 	 {10},
  number = 	 {1},
  pages = 	 {59--88}
}

@Article{MlaLabHan03,
  author = 	 {Nenad Mladenovic and Martine Labbe and Pierre Hansen},
  title = 	 "Solving the \emph{p}-Center problem with Tabu Search and Variable Neighborhood Search",
  journal = 	 {Networks},
  year = 	 {2003},
  volume = 	 {42},
  number = 	 {1},
  pages = 	 {48--64}
}

@inproceedings{KlMc06,
  author = "Klise, K.A. and McKenna, S.A.",
  title  = "Water quality change detection; multivariate algorithms",
  booktitle = "In Proc. SPIE Conference on Defense and Homeland Security",
  volume = "6203",
  year   = "2005"
}

@article{McWiKl06,
  author = "McKenna, S.A. and Wilson, M.P and Klise, K.A",
  title  = "Detecting changes in water quality data",
  journal="J. AWWA, submitted",
  month="March",
  year=2006
}


%%%%%%%%%%%%%%%%%%%%%%%%%%%%%%%%%%%%%%%%%%%%%%%%%%%%%%%%%%%%%%%%%%%%%%%%%%%%%%
% Category: Risk and RO

@article{Yamanetal01,
  author = "H. Yaman and O. E. Karasan and M. C. Pinar",
  title = "The Robust Minimum Spanning Tree Problem with Interval Data",
  journal = "Operations Research Letters",
  volume = 29,
  pages = "31--40",
  year = 2001
}

@book{KouvelisYu96,
  author = "P. Kouvelis and G. Yu",
  title = "Robust Discrete Optimization and Its Applications",
  publisher = "Kluwer Academic Publishers",
  address = "Norwell, MA",
  year = 1996
}

@Book{holton03,
  author = 	 {Glyn A. Holton},
  title = 	 {Value-at-Risk: Theory and Practice},
  publisher = 	 {Academic Press},
  year = 	 {2003}
}

@Article{artzneretal99,
  author = 	 {P. Artzner and F. Delbaen and J.M. Eber and D. Heath},
  title = 	 "Coherent Measures of Risk",
  journal = 	 {Mathematical Finance},
  year = 	 {1999},
  volume = 	 {9},
  pages = 	 {203--228}
}

@article{Dan55,
  author="Dantzig, G. B.",
  title="Linear programming under uncertainty",
  journal="Management Science",
  volume="1",
  number="3, 4",
  pages="197-206",
  year=1955
}


%%%%%%%%%%%%%%%%%%%%%%%%%%%%%%%%%%%%%%%%%%%%%%%%%%%%%%%%%%%%%%%%%%%%%%%%%%%%%%
% Category: Source Location

@InProceedings{LaiBievBW05,
  author = "Laird, C.D. and Biegler, L.T. and van Bloemen Waanders, B.G.",
  title  = "A mixed integer approach for obtaining unique solutions in source inversion of drinking water networks",
  booktitle = "In Proc. World Water and Environment Resources Conference",
  year   = "2005"
}

@inproceedings{LaiBievBWBar04,
  author = "Laird, C.D. and Biegler, L.T. and van Bloemen Waanders, B.G. and Bartlett, R.A.",
  title  = "Time dependent contamination source determination: A network subdomain approach for very large networks",
  booktitle = "In Proc. World Water and Environment Resources Conference",
  year   = "2004"
}

@article{LaiBievBWBar05,
  author = "Laird, C.D. and Biegler, L.T. and van Bloemen Waanders, B.G. and Bartlett, R.A.",
  title  = "Time dependent contamination source determination for municipal water networks using large scale optimization",
  journal="J. Water Resources Planning and Management",
  volume=131,
  number=2,
  year=2005,
  pages="125-134"
}

@inproceedings{McKvBWLaiBucLiJan05,
  author = "McKenna, S.A. and van Bloemen Waanders, B.G. and Laird, C.D. and Buchberger, S.G. and Li, Z. and Janke, R.",
  title  = "Source location inversion and the effect of stochastically varying demand",
  booktitle = "In Proc. World Water and Environment Resources Conference",
  year   = "2005"
}

@inproceedings{vBWBarBieLai03,
  author = "van Bloemen Waanders, B.G. and Bartlett, R.A. and L.T. Biegler and C.D. Laird",
  title  = "Nonlinear programming strategies for source detection of municipal water networks",
  booktitle = "In Proc. World Water and Environment Resources Conference",
  year   = "2003"
}

@inproceedings{vBWHamShaColMur05,
  author = "van Bloemen Waanders, B.G. and G. Hammond and J. Shadid and S. Collis and R. Murray",
  title  = "A comparison of {N}avier {S}tokes and network models to predict chemical transport in municipal water distribution systems",
  booktitle = "In Proc. World Water and Environment Resources Conference",
  year   = "2005"
}


%%%%%%%%%%%%%%%%%%%%%%%%%%%%%%%%%%%%%%%%%%%%%%%%%%%%%%%%%%%%%%%%%%%%%%%%%%%%%%
% Category: Misc Water-Related

@TechReport{EPA,
  author =       {USEPA},
  institution =  {U.S. Environmental Protection Agency},
  title = 	 {{WaterSentinel} {System} {Architecture}},
  year = 	 {2005},
  OPTnote = 	 {http://www.epa.gov/safewater/watersecurity/pubs/watersentinel_system_architecture.pdf}
}

@InProceedings{TidSilJur05,
  author =   "Tidwell, V.C. and Silva, C.J. and Jurado, S.",
  title =    "An integrated approach to vulnerability assessment",
  booktitle = "In Proc. World Water and Environmental Resources Congress",
  publisher = "American Society of Civil Engineers",
  address = "",
  year =     2005
}

@article{TidCooSil05,
  author = "Tidwell, V. and Cooper, A. and Silva, C.",
  title  = "Markov latent effects modeling for threat assessment of water distribution systems",
  journal="J. Water Resources Planning and Management",
  month=May,
  volume=131,
  number=3,
  year=2005,
  pages="218-227"
}

@inproceedings{vBW03,
  author = "van Bloemen Waanders",
  title  = "Application of optimization methods to calibration of water distribution system",
  booktitle = "In Proc. World Water and Environment Resources Conference",
  year   = "2003"
}

@article{Trybyetal02,
  author  = "M. E. Tryby and D. L. Boccelli and J. G. Uber and L. A. Rossman",
  title   ="Facility location model for booster disinfection of water supply networks",
  journal = "J. Water Resources Planning and Management",
  year    = 2002,
  month   = "September/October",
  pages   = "322--332"
}

@InProceedings{Watkinsetal96,
  author   = "D. W. Watkins{, Jr.} and D. C. McKinney",
  title    = "Comparison of Stochastic Programming and Robust Optimization
        Models for Groundwater Plume Containment",
  booktitle = "Proceedings of the North American Water and Environment Congress",
  year = "1996"
}

@Article{WongYeh02,
  author =   "H. S. Wong and W. W-G. Yeh",
  title =    "Probabilistic Model for Water Distribution Reliability",
  journal =  "J. Water Resources Planning and Management",
  year =     "2002",
  volume =   "128",
  number =   "",
  pages =    "33--45"
}

@Article{XuGoulter98,
  author =   "C. Xu and C. Goulter",
  title =    "Probabilistic Model for Water Distribution Reliability",
  journal =  "J. Water Resources Planning and Management",
  year =     "1998",
  volume =   "124",
  number =   "",
  pages =    "218--228"
}

@article{JeoQiaAbrLawPhiYih06,
  author="Hyung Seok Jeong, Jianhong Qiao, Dulcy M. Abraham, Mark Lawley, Jean-Philippe Richard, Yuehwern Yih",
  year=2006,
  title="Minimizing the Consequences of Intentional Attack on Water Infrastructure",
  journal="Computer-Aided Civil and Infrastructure Engineering",
  volume=21,
  number=2,
  pages="79-92",
  note="Minimize impact of destructive attacks w.r.t. water demands"
  }

@article{rockafellar02cvar,
  author = {R. T. Rockafellar and S. Uryasev},
  title = {Conditional value-at-risk for general loss distributions},
  journal = {J. of Banking and Finance},
  year = {2002},
  volume = {26},
  number = {7},
  pages = {1443--1471}
}

@article{KliPhiJan13, 
  author = "Klise, K.A. and Phillips, C.A. and Janke, R.",
  title = "Two-tiered Sensor Placement using Skeletonized Water Distribution Network Models",
  journal = "Journal of Infrastructure Systems",
  year = {2013}, 
  number = "10.1061/(ASCE)IS.1943-555X.0000156"
}

@techreport{USGS04,
  author="{U.S. Geological Survey}",
  title="Estimated Use of Water in the United States in 2000",
  year=2004,
  institution="U.S. Geological Survey",
  note="Available at \url{http://pubs.usgs.gov/circ/2004/circ1268/pdf/circular1268.pdf}"
}

@techreport{EPA97,
  author="U.S. EPA",
  title="Exposure factors handbook",
  year=2004,
  institution="U.S. Environmental Protection Agency, Office of Research and Development, National Center for Environmental Assessment, Washington, D.C",
  number="EPA-600-P-95-002Fa,b,c", 
  note = "Available at \url{http://cfpub.epa.gov/ncea/cfm/recordisplay.cfm?deid=12464}"
}



@techreport{ATUS,
  author="{Bureau of Labor Statistics and U.S. Census Bureau}",
  title="American time use survey user's guide 2003 to 2004",
  year=2005,
  institution="Washington DC",
  note = "Available at \url{http://www.bls.gov/news.release/archives/atus_09142004.pdf}"
}

@Article{DavJan08,
  author = 	 "M. Davis and R. Janke",
  title = 	 "Importance of Exposure Model in Estimating Impacts When a Water Distribution System Is Contaminated",
  journal = 	 "J. Water Resources Planning and Management",
  year = 	 {2008},
  volume = 	 {134},
  number = 	 {5},
  pages="449-456"
}

@techreport{EPA00,
  author="EPA",
  title="Estimated per capita water ingestion in the United States",
  year=2000,
  institution="Office of Water, Washington, D.C",
  number="EPA-822-00-008"
}

@Article{Merlion12,
  author = 	 "A.V. Mann and G. Hackebeil and C.D. Laird",
  title = 	 "Explicit Water Quality Model Generation and Rapid Multi-Scenario Simulation",
  journal = 	 "J. Water Resources Planning and Management",
  year = 	 {2012},
  number = "10.1061/(ASCE)WR.1943-5452.0000278"
}

@Article{Mann1,
  author = 	 " A.V. Mann and S.A. McKenna and W.E. Hart and C.D. Laird",
  title = 	 "Real-Time Inversion in Large-Scale Water Networks Using Discrete Measurements",
  journal = 	 "Computers \& Chemical Engineering",
  year = 	 {2012},
  volume = "37",
  pages = "143-151"
}

@Article{csa,
  author = 	 "A.E. {De Sanctis} and Feng Shang and J.G. Uber",
  title = 	 "Real-time identification of possible contamination sources using network backtracking methods",
  journal = 	 "Journal of Water Resources Planning and Management",
  year = 	 {2009},
  volume = "136",
  pages = "444-453"
}

@Article{Shang2002,
  author = 	 "F. Shang and J.G. Uber and M.M. Polycarpou",
  title = 	 "Particle backtracking algorithm for water distribution system analysis",
  journal = 	 "Journal of Environmental Engineering",
  year = 	 {2002},
  volume = "128",
  pages = "441-450"
}

@Article{MurrayAdcockRiceUberHatchett11,
  author="R. Murray and N Adcock and G Rice and J Uber and S Hatchett",
  title="Predicting Pathogen Survival When Introduced into a Water Distribution System with Growth Medium",
  journal = "In Proc. Water Quality Technology Conference, Nov. 2011, Phoenix, AZ",
  year= {2011}
}

@Article{MurrayBerryHart2006,
  author = 	 "R. Murray and J. Berry and W. E. Hart",
  title = 	 "Sensor network design for contamination warning systems: Tools and applications",
  journal = 	 "In Proc. AWWA Water Security Congress, Washington DC",
  year = 	 {2006}
}

@techreport{ResponseProtocolToolbox,
  author="U. S. EPA",
  title="Response protocol toolbox: planning for and responding to drinking water contamination threats and incidents",
  year=2004,
  institution="U.S. Environmental Protection Agency, Office of Water, Office of Ground Water and Drinking Water, Washington, D.C.",
  note = "Available at \url{http://water.epa.gov/infrastructure/watersecurity/upload/2004_11_24_rptb_response_guidelines.pdf}"
}

@techreport{WSI,
  author="U. S. EPA",
  title="Water Security Initiative",
  year=2013,
  institution="U.S. Environmental Protection Agency",
  note = "Available at \url{http://water.epa.gov/infrastructure/watersecurity/lawregs/initiative.cfm}"
}

@techreport{EPANETRTX,
  author="U. S. EPA",
  title="EPANET-RTX, Real-Time Extension for the EPANET Toolkit, at Open Water Analytics",
  year=2013,
  institution="U.S. Environmental Protection Agency",
  note = "Available at \url{http://openwateranalytics.github.io/epanet-rtx/index.html}"
}

@InProceedings{HatchettetalRTX2011,
  author   = "S. Hatchett and J. Uber and D. Boccelli and T. Haxton and R. Janke and A. Kramer and A. Matracia  and S. Panguluri",
  title    = "Real-time distribution system modeling: development, application, and insights",
  booktitle = "In Proc. Eleventh International Conference on Computing and Control for the Water Industry, Sept. 2011, Exeter, UK",
  year = "2011"
}

@InProceedings{JankeetalRTX2011,
  author   = "R. Janke and K. Morley and J. Uber and T. Haxton",
  title    = "Real-Time Modeling for Water Distribution System Operation: Integrating Security Developed Technologies with Normal Operations",
  booktitle = "In Proc. AWWA Distribution Systems Symposium and Water Security Conference, Sept. 2011, Nashville, TN",
  year = "2011"
}

@book{Daskin95,
    author="M. Daskin",
    booktitle="Network and discrete location",
    publisher="Wiley",
    address="New York",
    year="1995"
}
@article{ElloumiEtAl04,
    author="S. Elloumi and M. Labb\'{e} and Y. Pochet",
    journal="{INFORMS} Journal on Computing",
    year="2004",
    volume=16,
    pages="83-94"
}
