%--- Tech Report ---------------------------------------------------------
@manual{BTX,
    title =     {EPANET-BTX User's Guide},
    author =    {F. Shang and J. Uber},
    organization =  {University of Cincinnati},
    address =   {Cincinnati, Ohio},
    year =      2008
}

@book{Rossman93,
        author =        {L. A. Rossman},
        title =         {EPANET USER MANUAL},
        publisher =     {Risk Reduction Engineering Laboratory, U.S. Environmental Protection Agency, Cincinnati, Ohio},
        year =          1993
}
%--- Proceedings ---------------------------------------------------------
@INPROCEEDINGS{DeSanctis06,
 author={A.E. {De Sanctis} and F. Shang and  J.G. Uber},
 title={Determining possible contaminant sources through flow path analysis},
 booktitle={Proceedings of the 8th Water Distribution System Analysis Symposium},
 year={2006},
 address={Cincinnati, OH},
 organization={},
 }
@inproceedings{Rossman99,
        author =        {L. A. Rossman},
        title =         {The EPANET Programmer's Toolkit},
        booktitle =     {Proceedings of Water Resources Planning and Management Division Annual Specialty Conference, ASCE},
        year =          1999,
        address =       {Tempe, AZ}}

%--- Articles ---------------------------------------------------------
@article{DeSanctis09,
        author =        {A.E. {De Sanctis} and F. Shang  and J.G. Uber},
        title =         {Real-time identification of possible contamination sources using network backtracking methods},
        journal =       {Accepted by Journal of Water Resources Planning and
                  Management, ASCE},
        volume =        {},
        number =        {},
        pages =         {},
        year =          2009}


@article{Boccelli98,
        author =        {D.L. Boccelli and Michael Tryby and J.G. Uber
                  and L.A. Rossman and M.L. Zierolf and M.M.
Polycarpou},
        title =         {Optimal Scheduling of Booster Disinfection in
                  Water Distribution Systems},
        journal =       {Journal of Water Resources Planning and
                  Management},
        volume =        124,
        number =        2,
        pages =         {99-110},
        year =          1998}

@article{Zierolf98,
        author =        {M. L. Zierolf and M. M. Polycarpou and J. G.
Uber},
        title =         {Development and Auto-Calibration of an
                  Input-Output Model of Chlorine Transport in Drinking
                  Water Distribution Systems},
        journal =       {IEEE Trans. on Control Systems Technology},
        volume =        6,
        number =        4,
        month =         {July},
        pages =         {543-553},
        year =          1998}

@article{Shang02,
        author = {F. Shang and J. Uber and M. Polycarpou},
        title = {Particle Backtracking Algorithm for Water Distribution System Analysis},
        journal = {J. Environ. Eng.},
        volume = {128},
        number = {5},
        pages = {441-450},
        month = {May},
        year = 2002}

@article{Rossman2000,
        author = {L. A. Rossman},
        title = {EPANET 2 Users Manual EPA/600/R-00/057},
        publisher = {U. S. Environmental Protection Angency},
        address = {Cincinnati, OH},
        year = 2000}
